@MISC{web:nodejs,
  title = {Node.js},
  howpublished = {http://nodejs.org}
}

@MISC{web:tessel,
  title = {Tessel},
  howpublished = {http://tessel.io}
}

@MISC{web:johnnyfive,
  title = {Jonny Five},
  howpublished = {http://johnny-five.io}
}
